% Example of a bib item. Look on Overleaf tutorials for a more indepth breakdown of different references styles.
@misc{bibItem,
	author = {},
	editor = {},
	title = {},
	date = {},
	howpublished = {\url{}},
	year = {},
},